@inproceedings{50066,
title	= {Real-time Speech Frequency Bandwidth Extension},
author	= {Dominik Roblek and Marco Tagliasacchi and Oleg Rybakov and Pen Li and Victor Ungureanu},
year	= {2021},
URL	= {https://arxiv.org/abs/2010.10677},
booktitle	= {2021 IEEE International Conference on Acoustics, Speech and Signal Processing}
}


